@PhdThesis{dissert,
author = {Gereon Meyer},
title = {In situ Abbildung magnetischer Domänen in dünnen Filmen mit magnetooptischer Rasternahfeldmikroskopie},
school = {FU Berlin},
year = {2003},
OPTkey = {•},
OPTtype = {•},
OPTaddress = {•},
OPTmonth = {•},
OPTnote = {•},
OPTannote = {•}
}


@book{kittel,
  title={Einführung in die Festkörperphysik},
  author={Kittel, C.},
  year={2005},
  publisher={Oldenbourg}
}


@Book{skript,
author = {{Laboratory Course Script Ma10}},
}


@Misc{jrganika,
OPTkey = {•},
author = {{Personal discussion with Jörg Behrmann}},
OPTtitle = {•},
OPThowpublished = {•},
OPTmonth = {•},
OPTyear = {•},
OPTnote = {•},
OPTannote = {•}
}


@article{paper,
  journal = {Phys. Rev. B},
  month = {Mar},
  doi = {10.1103/PhysRevB.43.6423},
  issue = {8},
  author = {Zak, J. and Moog, E. R. and Liu, C. and Bader, S. D.},
  title = {Magneto-optics of multilayers with arbitrary magnetization directions},
  year = {1991},
  url = {http://link.aps.org/doi/10.1103/PhysRevB.43.6423},
  publisher = {American Physical Society},
  pages = {6423--6429},
  volume = {43}
}


@PhdThesis{stanford,
author = {Ioan Tudosa},
title = {Magnetization dynamics using ultrashort agnetic field pulses },
school = {Stanford University},
year = {2005},
OPTkey = {•},
OPTtype = {•},
OPTaddress = {•},
OPTmonth = {•},
OPTnote = {•},
OPTannote = {•}
}

