
@misc{skript,
	title = {Ma 2: Low Energy Electron Diffraction - Skript},
	publisher = {Freie Universität Berlin},
	author = {unknown},
	month = nov,
	year = {2011}
},

@misc{brian,
	title = {Low Energy Electron Diffraction  {(LEED)} - Lab Report},
	author = {Tarasinski, Brian and Wölms, Konrad},
	year = {2011}
},

@book{henzler,
	edition = {{2.Aufl.} 1994},
	title = {Oberflächenphysik des Festkörpers},
	isbn = {3519130475},
	publisher = {Teubner Verlag},
	author = {Henzler, Martin and Göpel, Wolfgang},
	month = jan,
	year = {1994}
},

@book{ertl,
	edition = {2. erw. A.},
	title = {Low Energy Electrons and Surface Chemistry},
	isbn = {3527260560},
	publisher = {{Wiley-VCH}},
	author = {Ertl, Gerhard and Küppers, Jürgen},
	year = {1985}
},

@article{straumanis,
	title = {Lattice parameters, densities, expansion coefficients and perfection of structure of Cu and of {Cu–In} \${\textbackslash}alpha\$ phase},
	volume = {25},
	url = {http://dx.doi.org/10.1107/S0567739469001549},
	doi = {10.1107/S0567739469001549},
	number = {6},
	journal = {Acta Crystallographica Section A},
	author = {Straumanis, M. E. and Yu, L. S.},
	month = nov,
	year = {1969},
	pages = {676–682}
}