@Book{buckel,
author = {Buckel},
ALTeditor = {•},
title = {Superconductivity},
publisher = {VCH Verlag},
year = {1993},
OPTkey = {•},
OPTvolume = {•},
OPTnumber = {•},
OPTseries = {•},
OPTaddress = {•},
OPTedition = {•},
OPTmonth = {•},
OPTnote = {•},
OPTannote = {•}
}

@Book{tinkham,
author = {Tinkham},
ALTeditor = {•},
title = {Introduction to superconductivity},
publisher = {MacGraw-Hill},
year = {2004},
OPTkey = {•},
OPTvolume = {•},
OPTnumber = {•},
OPTseries = {•},
OPTaddress = {•},
OPTedition = {•},
OPTmonth = {•},
OPTnote = {•},
OPTannote = {•}
}


@Book{hofmann,
author = {Hofmann},
ALTeditor = {•},
title = {Solid State Physics},
publisher = {VHC},
year = {2008},
OPTkey = {•},
OPTvolume = {•},
OPTnumber = {•},
OPTseries = {•},
OPTaddress = {•},
OPTedition = {•},
OPTmonth = {•},
OPTnote = {•},
OPTannote = {•}
}


@article{BCS,
  month = {Dec},
  title = {Theory of Superconductivity},
  publisher = {American Physical Society},
  author = {Bardeen, J. and Cooper, L. N. and Schrieffer, J. R.},
  year = {1957},
  url = {http://link.aps.org/doi/10.1103/PhysRev.108.1175},
  pages = {1175--1204},
  volume = {108},
  journal = {Phys. Rev.},
  doi = {10.1103/PhysRev.108.1175},
  issue = {5}
}

@article{BCS,
  title = {The Electromagnetic Equations of the Supraconductor},
  publisher = {},
  author = {London, F. and  London, H.},
  year = {1935},
  pages = {71--88},
  volume = {149},
  journal = {Proc. Royal Society A},
}

@article{GL,
  title = {},
  publisher = {},
  author = {Ginzburg, V.L. and  Landau, L.D.},
  year = {1950},
  pages = {1024},
  volume = {20},
  journal = {Zh. Eksp. Teor. Fiz.},
}

