@misc{skript,
	title = {Ma4: X-Ray Photoelectron Spectroscopy (XPS) - Skript},
	publisher = {Freie Universität Berlin},
	author = {unknown},
	month = nov,
	year = {2011}
},

@Article{augerpaper,
author = {G. Dufour and J.M. Mariot and P.-E. Nilsson-Jatko and R. Karnatak},
title = {K-LL Auger Spectrum of Aluminium},
journal = {Physica Scripta},
year = {1976},
volume = {13},
pages = {370}
},

@Article{plasmonpaper,
author = {D. Massignon and F. Pellerin and J. M. Fontaine and C. Le Gressus and T. Ichinokawa },
title = {Comparision of the secondary-electron spectrum with the electron-loss spectrum on pure Al by low-energy electron-reflection spectroscopy},
journal = {J. Appl. Phys.},
year = {1980},
volume = {51},
pages = {808}
},

@book{handbook,
  title={Handbook of Auger electron spectroscopy data},
  author={Palmberg, P.W. and Riach, G.E. and Weber, R.E.}, 
  year={1972},
  publisher={Physical Electronics Industries Inc}
},

@misc{ben,
	title = {Auger Electron and Electron Energy Loss Spectroscopy - Lab Report},
	author = {Huber, Benjamin and Wille, Carolin},
	year = {2011}
},

@misc{christian,
	title = {Auger and EEL Spectroscopy - Lab Report},
	author = {Fräßdorf, Christian and Jaekel, Simon and Mosig, Johannes},
	year = {2011}
}

