@article{straumanis,
author = "Straumanis, M. E. and Yu, L. S.",
title = "{Lattice parameters, densities, expansion coefficients and perfection of structure of Cu and of Cu{--}In {$\alpha$} phase}",
journal = "Acta Crystallographica Section A",
year = "1969",
volume = "25",
number = "6",
pages = "676--682",
month = "Nov",
doi = {10.1107/S0567739469001549},
url = {http://dx.doi.org/10.1107/S0567739469001549},
}

@Book{zangwill,
author = {A. Zangwill},
ALTeditor = {},
title = {Physics at Surfaces},
edition = {second},
publisher = {Cambridge University Press},
year = {1988},
OPTkey = {•},
OPTvolume = {•},
OPTnumber = {•},
OPTseries = {•},
address = {Cambridge},
OPTmonth = {•},
OPTnote = {•},
OPTannote = {•}
}

@Book{skript,
author = {{Laboratory Course Script Ma10}},
}

@Article{paper,
author = {G. Dufour and J.M. Mariot and P.-E. Nilsson-Jatko and R. Karnatak},
title = {K-LL Auger Spectrum of Aluminium},
journal = {Physica Scripta},
year = {1976},
OPTkey = {•},
volume = {13},
OPTnumber = {•},
pages = {370},
OPTmonth = {•},
OPTnote = {•},
OPTannote = {•}
}



@Book{kupp,
author = {G. Ertl and J. Küppers},
ALTeditor = {•},
title = {Low Energy Electrons and Surface Chemistry},
publisher = {VCH},
year = {1985},
OPTkey = {•},
OPTvolume = {•},
OPTnumber = {•},
OPTseries = {•},
address = {Weinheim},
OPTedition = {•},
OPTmonth = {•},
OPTnote = {•},
OPTannote = {•}
}


@Book{gop,
author = {M. Henzler and W. Göpel},
ALTeditor = {•},
title = { Oberflächenphysik des Festkörpers},
publisher = {Teubner},
year = {1991},
OPTkey = {•},
OPTvolume = {•},
OPTnumber = {•},
OPTseries = {•},
address = {Stuttgart},
OPTedition = {•},
OPTmonth = {•},
OPTnote = {•},
OPTannote = {•}
}






@book{handbook,
  title={Handbook of Auger electron spectroscopy data},
  author={Palmberg, P.W. and Riach, G.E. and Weber, R.E.},
 
  year={1972},
  publisher={Physical Electronics Industries Inc}
}
