@Book{zangwill,
author = {A. Zangwill},
ALTeditor = {},
title = {Physics at Surfaces},
edition = {second},
publisher = {Cambridge University Press},
year = {1988},
OPTkey = {•},
OPTvolume = {•},
OPTnumber = {•},
OPTseries = {•},
address = {Cambridge},
OPTmonth = {•},
OPTnote = {•},
OPTannote = {•}
}

@Book{skript,
author = {{Laboratory Course Script Ma10}},
}

@Article{paper,
author = {G. Dufour and J.M. Mariot and P.-E. Nilsson-Jatko and R. Karnatak},
title = {K-LL Auger Spectrum of Aluminium},
journal = {Physica Scripta},
year = {1976},
OPTkey = {•},
volume = {13},
OPTnumber = {•},
pages = {370},
OPTmonth = {•},
OPTnote = {•},
OPTannote = {•}
}
